%YAML 1.1
%TAG !u! tag:unity3d.com,2011:
--- !u!1 &8825872613272925817
GameObject:
  m_ObjectHideFlags: 0
  m_CorrespondingSourceObject: {fileID: 0}
  m_PrefabInstance: {fileID: 0}
  m_PrefabAsset: {fileID: 0}
  serializedVersion: 6
  m_Component:
  - component: {fileID: 5756657230464436028}
  - component: {fileID: 2433068090659838614}
  - component: {fileID: 963009682968347044}
  - component: {fileID: 3199217552749479033}
  - component: {fileID: 8227235389215953643}
  m_Layer: 0
  m_Name: GroundL3
  m_TagString: Untagged
  m_Icon: {fileID: 0}
  m_NavMeshLayer: 0
  m_StaticEditorFlags: 0
  m_IsActive: 1
--- !u!4 &5756657230464436028
Transform:
  m_ObjectHideFlags: 0
  m_CorrespondingSourceObject: {fileID: 0}
  m_PrefabInstance: {fileID: 0}
  m_PrefabAsset: {fileID: 0}
  m_GameObject: {fileID: 8825872613272925817}
  m_LocalRotation: {x: 0, y: 0, z: 0, w: 1}
  m_LocalPosition: {x: 0, y: 0, z: 0}
  m_LocalScale: {x: 1, y: 1, z: 30}
  m_Children:
  - {fileID: 3676384944653086024}
  - {fileID: 1839259478769529436}
  - {fileID: 1753385665760440234}
  - {fileID: 4013980165833425085}
  m_Father: {fileID: 0}
  m_RootOrder: 0
  m_LocalEulerAnglesHint: {x: 0, y: 0, z: 0}
--- !u!33 &2433068090659838614
MeshFilter:
  m_ObjectHideFlags: 0
  m_CorrespondingSourceObject: {fileID: 0}
  m_PrefabInstance: {fileID: 0}
  m_PrefabAsset: {fileID: 0}
  m_GameObject: {fileID: 8825872613272925817}
  m_Mesh: {fileID: 10202, guid: 0000000000000000e000000000000000, type: 0}
--- !u!23 &963009682968347044
MeshRenderer:
  m_ObjectHideFlags: 0
  m_CorrespondingSourceObject: {fileID: 0}
  m_PrefabInstance: {fileID: 0}
  m_PrefabAsset: {fileID: 0}
  m_GameObject: {fileID: 8825872613272925817}
  m_Enabled: 1
  m_CastShadows: 1
  m_ReceiveShadows: 1
  m_DynamicOccludee: 1
  m_MotionVectors: 1
  m_LightProbeUsage: 1
  m_ReflectionProbeUsage: 1
  m_RayTracingMode: 2
  m_RenderingLayerMask: 1
  m_RendererPriority: 0
  m_Materials:
  - {fileID: 2100000, guid: a131193799d33d8439189a836786e95c, type: 2}
  m_StaticBatchInfo:
    firstSubMesh: 0
    subMeshCount: 0
  m_StaticBatchRoot: {fileID: 0}
  m_ProbeAnchor: {fileID: 0}
  m_LightProbeVolumeOverride: {fileID: 0}
  m_ScaleInLightmap: 1
  m_ReceiveGI: 1
  m_PreserveUVs: 0
  m_IgnoreNormalsForChartDetection: 0
  m_ImportantGI: 0
  m_StitchLightmapSeams: 1
  m_SelectedEditorRenderState: 3
  m_MinimumChartSize: 4
  m_AutoUVMaxDistance: 0.5
  m_AutoUVMaxAngle: 89
  m_LightmapParameters: {fileID: 0}
  m_SortingLayerID: 0
  m_SortingLayer: 0
  m_SortingOrder: 0
--- !u!65 &3199217552749479033
BoxCollider:
  m_ObjectHideFlags: 0
  m_CorrespondingSourceObject: {fileID: 0}
  m_PrefabInstance: {fileID: 0}
  m_PrefabAsset: {fileID: 0}
  m_GameObject: {fileID: 8825872613272925817}
  m_Material: {fileID: 0}
  m_IsTrigger: 0
  m_Enabled: 1
  serializedVersion: 2
  m_Size: {x: 1, y: 1, z: 1}
  m_Center: {x: 0, y: 0, z: 0}
--- !u!114 &8227235389215953643
MonoBehaviour:
  m_ObjectHideFlags: 0
  m_CorrespondingSourceObject: {fileID: 0}
  m_PrefabInstance: {fileID: 0}
  m_PrefabAsset: {fileID: 0}
  m_GameObject: {fileID: 8825872613272925817}
  m_Enabled: 1
  m_EditorHideFlags: 0
  m_Script: {fileID: 11500000, guid: c0c08b25e64c46d4ebe29d02b4804a66, type: 3}
  m_Name: 
  m_EditorClassIdentifier: 
--- !u!1001 &1860951679315859875
PrefabInstance:
  m_ObjectHideFlags: 0
  serializedVersion: 2
  m_Modification:
    m_TransformParent: {fileID: 5756657230464436028}
    m_Modifications:
    - target: {fileID: 109822830968862217, guid: 40426e22645656747a87beea23de8c32,
        type: 3}
      propertyPath: m_LocalPosition.x
      value: 0.04
      objectReference: {fileID: 0}
    - target: {fileID: 109822830968862217, guid: 40426e22645656747a87beea23de8c32,
        type: 3}
      propertyPath: m_LocalPosition.y
      value: 0.508
      objectReference: {fileID: 0}
    - target: {fileID: 109822830968862217, guid: 40426e22645656747a87beea23de8c32,
        type: 3}
      propertyPath: m_LocalPosition.z
      value: 0.2
      objectReference: {fileID: 0}
    - target: {fileID: 109822830968862217, guid: 40426e22645656747a87beea23de8c32,
        type: 3}
      propertyPath: m_LocalRotation.x
      value: -0
      objectReference: {fileID: 0}
    - target: {fileID: 109822830968862217, guid: 40426e22645656747a87beea23de8c32,
        type: 3}
      propertyPath: m_LocalRotation.y
      value: -0
      objectReference: {fileID: 0}
    - target: {fileID: 109822830968862217, guid: 40426e22645656747a87beea23de8c32,
        type: 3}
      propertyPath: m_LocalRotation.z
      value: -0
      objectReference: {fileID: 0}
    - target: {fileID: 109822830968862217, guid: 40426e22645656747a87beea23de8c32,
        type: 3}
      propertyPath: m_LocalRotation.w
      value: 1
      objectReference: {fileID: 0}
    - target: {fileID: 109822830968862217, guid: 40426e22645656747a87beea23de8c32,
        type: 3}
      propertyPath: m_RootOrder
      value: 2
      objectReference: {fileID: 0}
    - target: {fileID: 109822830968862217, guid: 40426e22645656747a87beea23de8c32,
        type: 3}
      propertyPath: m_LocalEulerAnglesHint.x
      value: 0
      objectReference: {fileID: 0}
    - target: {fileID: 109822830968862217, guid: 40426e22645656747a87beea23de8c32,
        type: 3}
      propertyPath: m_LocalEulerAnglesHint.y
      value: 0
      objectReference: {fileID: 0}
    - target: {fileID: 109822830968862217, guid: 40426e22645656747a87beea23de8c32,
        type: 3}
      propertyPath: m_LocalEulerAnglesHint.z
      value: 0
      objectReference: {fileID: 0}
    - target: {fileID: 109822830968862217, guid: 40426e22645656747a87beea23de8c32,
        type: 3}
      propertyPath: m_LocalScale.z
      value: 0.013577334
      objectReference: {fileID: 0}
    - target: {fileID: 109822830968862217, guid: 40426e22645656747a87beea23de8c32,
        type: 3}
      propertyPath: m_LocalScale.x
      value: 0.36158958
      objectReference: {fileID: 0}
    - target: {fileID: 109822830968862217, guid: 40426e22645656747a87beea23de8c32,
        type: 3}
      propertyPath: m_LocalScale.y
      value: 0.60724
      objectReference: {fileID: 0}
    - target: {fileID: 4025499606949725210, guid: 40426e22645656747a87beea23de8c32,
        type: 3}
      propertyPath: m_Name
      value: Rock1 (1)
      objectReference: {fileID: 0}
    m_RemovedComponents: []
  m_SourcePrefab: {fileID: 100100000, guid: 40426e22645656747a87beea23de8c32, type: 3}
--- !u!4 &1753385665760440234 stripped
Transform:
  m_CorrespondingSourceObject: {fileID: 109822830968862217, guid: 40426e22645656747a87beea23de8c32,
    type: 3}
  m_PrefabInstance: {fileID: 1860951679315859875}
  m_PrefabAsset: {fileID: 0}
--- !u!1001 &5739665107052938869
PrefabInstance:
  m_ObjectHideFlags: 0
  serializedVersion: 2
  m_Modification:
    m_TransformParent: {fileID: 5756657230464436028}
    m_Modifications:
    - target: {fileID: 6206311861572056105, guid: 9064f1e17dcc8964f87d8d5200988d25,
        type: 3}
      propertyPath: m_LocalPosition.x
      value: 0.28
      objectReference: {fileID: 0}
    - target: {fileID: 6206311861572056105, guid: 9064f1e17dcc8964f87d8d5200988d25,
        type: 3}
      propertyPath: m_LocalPosition.y
      value: 0.32999992
      objectReference: {fileID: 0}
    - target: {fileID: 6206311861572056105, guid: 9064f1e17dcc8964f87d8d5200988d25,
        type: 3}
      propertyPath: m_LocalPosition.z
      value: 0.276
      objectReference: {fileID: 0}
    - target: {fileID: 6206311861572056105, guid: 9064f1e17dcc8964f87d8d5200988d25,
        type: 3}
      propertyPath: m_LocalRotation.x
      value: -0
      objectReference: {fileID: 0}
    - target: {fileID: 6206311861572056105, guid: 9064f1e17dcc8964f87d8d5200988d25,
        type: 3}
      propertyPath: m_LocalRotation.y
      value: -0
      objectReference: {fileID: 0}
    - target: {fileID: 6206311861572056105, guid: 9064f1e17dcc8964f87d8d5200988d25,
        type: 3}
      propertyPath: m_LocalRotation.z
      value: -0
      objectReference: {fileID: 0}
    - target: {fileID: 6206311861572056105, guid: 9064f1e17dcc8964f87d8d5200988d25,
        type: 3}
      propertyPath: m_LocalRotation.w
      value: 1
      objectReference: {fileID: 0}
    - target: {fileID: 6206311861572056105, guid: 9064f1e17dcc8964f87d8d5200988d25,
        type: 3}
      propertyPath: m_RootOrder
      value: 1
      objectReference: {fileID: 0}
    - target: {fileID: 6206311861572056105, guid: 9064f1e17dcc8964f87d8d5200988d25,
        type: 3}
      propertyPath: m_LocalEulerAnglesHint.x
      value: 0
      objectReference: {fileID: 0}
    - target: {fileID: 6206311861572056105, guid: 9064f1e17dcc8964f87d8d5200988d25,
        type: 3}
      propertyPath: m_LocalEulerAnglesHint.y
      value: 0
      objectReference: {fileID: 0}
    - target: {fileID: 6206311861572056105, guid: 9064f1e17dcc8964f87d8d5200988d25,
        type: 3}
      propertyPath: m_LocalEulerAnglesHint.z
      value: 0
      objectReference: {fileID: 0}
    - target: {fileID: 6206311861572056105, guid: 9064f1e17dcc8964f87d8d5200988d25,
        type: 3}
      propertyPath: m_LocalScale.z
      value: 0.033333335
      objectReference: {fileID: 0}
    - target: {fileID: 6951981235008521786, guid: 9064f1e17dcc8964f87d8d5200988d25,
        type: 3}
      propertyPath: m_Name
      value: Tree2 (3)
      objectReference: {fileID: 0}
    m_RemovedComponents: []
  m_SourcePrefab: {fileID: 100100000, guid: 9064f1e17dcc8964f87d8d5200988d25, type: 3}
--- !u!4 &1839259478769529436 stripped
Transform:
  m_CorrespondingSourceObject: {fileID: 6206311861572056105, guid: 9064f1e17dcc8964f87d8d5200988d25,
    type: 3}
  m_PrefabInstance: {fileID: 5739665107052938869}
  m_PrefabAsset: {fileID: 0}
--- !u!1001 &6476696064567037815
PrefabInstance:
  m_ObjectHideFlags: 0
  serializedVersion: 2
  m_Modification:
    m_TransformParent: {fileID: 5756657230464436028}
    m_Modifications:
    - target: {fileID: 6683242587681361964, guid: 76ccc9ef5ea614241aa3dd5e71f2a520,
        type: 3}
      propertyPath: m_Name
      value: Rock2 (3)
      objectReference: {fileID: 0}
    - target: {fileID: 7702558758619341375, guid: 76ccc9ef5ea614241aa3dd5e71f2a520,
        type: 3}
      propertyPath: m_LocalPosition.x
      value: -0.00999999
      objectReference: {fileID: 0}
    - target: {fileID: 7702558758619341375, guid: 76ccc9ef5ea614241aa3dd5e71f2a520,
        type: 3}
      propertyPath: m_LocalPosition.y
      value: 0.50999975
      objectReference: {fileID: 0}
    - target: {fileID: 7702558758619341375, guid: 76ccc9ef5ea614241aa3dd5e71f2a520,
        type: 3}
      propertyPath: m_LocalPosition.z
      value: 0.398
      objectReference: {fileID: 0}
    - target: {fileID: 7702558758619341375, guid: 76ccc9ef5ea614241aa3dd5e71f2a520,
        type: 3}
      propertyPath: m_LocalRotation.x
      value: -0
      objectReference: {fileID: 0}
    - target: {fileID: 7702558758619341375, guid: 76ccc9ef5ea614241aa3dd5e71f2a520,
        type: 3}
      propertyPath: m_LocalRotation.y
      value: -0
      objectReference: {fileID: 0}
    - target: {fileID: 7702558758619341375, guid: 76ccc9ef5ea614241aa3dd5e71f2a520,
        type: 3}
      propertyPath: m_LocalRotation.z
      value: -0
      objectReference: {fileID: 0}
    - target: {fileID: 7702558758619341375, guid: 76ccc9ef5ea614241aa3dd5e71f2a520,
        type: 3}
      propertyPath: m_LocalRotation.w
      value: 1
      objectReference: {fileID: 0}
    - target: {fileID: 7702558758619341375, guid: 76ccc9ef5ea614241aa3dd5e71f2a520,
        type: 3}
      propertyPath: m_RootOrder
      value: 0
      objectReference: {fileID: 0}
    - target: {fileID: 7702558758619341375, guid: 76ccc9ef5ea614241aa3dd5e71f2a520,
        type: 3}
      propertyPath: m_LocalEulerAnglesHint.x
      value: 0
      objectReference: {fileID: 0}
    - target: {fileID: 7702558758619341375, guid: 76ccc9ef5ea614241aa3dd5e71f2a520,
        type: 3}
      propertyPath: m_LocalEulerAnglesHint.y
      value: 0
      objectReference: {fileID: 0}
    - target: {fileID: 7702558758619341375, guid: 76ccc9ef5ea614241aa3dd5e71f2a520,
        type: 3}
      propertyPath: m_LocalEulerAnglesHint.z
      value: 0
      objectReference: {fileID: 0}
    - target: {fileID: 7702558758619341375, guid: 76ccc9ef5ea614241aa3dd5e71f2a520,
        type: 3}
      propertyPath: m_LocalScale.z
      value: 0.009886
      objectReference: {fileID: 0}
    - target: {fileID: 7702558758619341375, guid: 76ccc9ef5ea614241aa3dd5e71f2a520,
        type: 3}
      propertyPath: m_LocalScale.x
      value: 0.40280858
      objectReference: {fileID: 0}
    - target: {fileID: 7702558758619341375, guid: 76ccc9ef5ea614241aa3dd5e71f2a520,
        type: 3}
      propertyPath: m_LocalScale.y
      value: 0.6323375
      objectReference: {fileID: 0}
    m_RemovedComponents: []
  m_SourcePrefab: {fileID: 100100000, guid: 76ccc9ef5ea614241aa3dd5e71f2a520, type: 3}
--- !u!4 &3676384944653086024 stripped
Transform:
  m_CorrespondingSourceObject: {fileID: 7702558758619341375, guid: 76ccc9ef5ea614241aa3dd5e71f2a520,
    type: 3}
  m_PrefabInstance: {fileID: 6476696064567037815}
  m_PrefabAsset: {fileID: 0}
--- !u!1001 &6724008178241200770
PrefabInstance:
  m_ObjectHideFlags: 0
  serializedVersion: 2
  m_Modification:
    m_TransformParent: {fileID: 5756657230464436028}
    m_Modifications:
    - target: {fileID: 6683242587681361964, guid: 76ccc9ef5ea614241aa3dd5e71f2a520,
        type: 3}
      propertyPath: m_Name
      value: Rock2 (4)
      objectReference: {fileID: 0}
    - target: {fileID: 7702558758619341375, guid: 76ccc9ef5ea614241aa3dd5e71f2a520,
        type: 3}
      propertyPath: m_LocalPosition.x
      value: -0.00999999
      objectReference: {fileID: 0}
    - target: {fileID: 7702558758619341375, guid: 76ccc9ef5ea614241aa3dd5e71f2a520,
        type: 3}
      propertyPath: m_LocalPosition.y
      value: 0.50999975
      objectReference: {fileID: 0}
    - target: {fileID: 7702558758619341375, guid: 76ccc9ef5ea614241aa3dd5e71f2a520,
        type: 3}
      propertyPath: m_LocalPosition.z
      value: -0.24
      objectReference: {fileID: 0}
    - target: {fileID: 7702558758619341375, guid: 76ccc9ef5ea614241aa3dd5e71f2a520,
        type: 3}
      propertyPath: m_LocalRotation.x
      value: -0
      objectReference: {fileID: 0}
    - target: {fileID: 7702558758619341375, guid: 76ccc9ef5ea614241aa3dd5e71f2a520,
        type: 3}
      propertyPath: m_LocalRotation.y
      value: -0
      objectReference: {fileID: 0}
    - target: {fileID: 7702558758619341375, guid: 76ccc9ef5ea614241aa3dd5e71f2a520,
        type: 3}
      propertyPath: m_LocalRotation.z
      value: -0
      objectReference: {fileID: 0}
    - target: {fileID: 7702558758619341375, guid: 76ccc9ef5ea614241aa3dd5e71f2a520,
        type: 3}
      propertyPath: m_LocalRotation.w
      value: 1
      objectReference: {fileID: 0}
    - target: {fileID: 7702558758619341375, guid: 76ccc9ef5ea614241aa3dd5e71f2a520,
        type: 3}
      propertyPath: m_RootOrder
      value: 3
      objectReference: {fileID: 0}
    - target: {fileID: 7702558758619341375, guid: 76ccc9ef5ea614241aa3dd5e71f2a520,
        type: 3}
      propertyPath: m_LocalEulerAnglesHint.x
      value: 0
      objectReference: {fileID: 0}
    - target: {fileID: 7702558758619341375, guid: 76ccc9ef5ea614241aa3dd5e71f2a520,
        type: 3}
      propertyPath: m_LocalEulerAnglesHint.y
      value: 0
      objectReference: {fileID: 0}
    - target: {fileID: 7702558758619341375, guid: 76ccc9ef5ea614241aa3dd5e71f2a520,
        type: 3}
      propertyPath: m_LocalEulerAnglesHint.z
      value: 0
      objectReference: {fileID: 0}
    - target: {fileID: 7702558758619341375, guid: 76ccc9ef5ea614241aa3dd5e71f2a520,
        type: 3}
      propertyPath: m_LocalScale.z
      value: 0.009886
      objectReference: {fileID: 0}
    - target: {fileID: 7702558758619341375, guid: 76ccc9ef5ea614241aa3dd5e71f2a520,
        type: 3}
      propertyPath: m_LocalScale.x
      value: 0.40280858
      objectReference: {fileID: 0}
    - target: {fileID: 7702558758619341375, guid: 76ccc9ef5ea614241aa3dd5e71f2a520,
        type: 3}
      propertyPath: m_LocalScale.y
      value: 0.6323375
      objectReference: {fileID: 0}
    m_RemovedComponents: []
  m_SourcePrefab: {fileID: 100100000, guid: 76ccc9ef5ea614241aa3dd5e71f2a520, type: 3}
--- !u!4 &4013980165833425085 stripped
Transform:
  m_CorrespondingSourceObject: {fileID: 7702558758619341375, guid: 76ccc9ef5ea614241aa3dd5e71f2a520,
    type: 3}
  m_PrefabInstance: {fileID: 6724008178241200770}
  m_PrefabAsset: {fileID: 0}
